%%%%%%%%%%%%%%%% README %%%%%%%%%%%%%%%%%%%%%%%%%%%%%%%%
% Place the BIBTeX entry in the right category 
% 
% BIBTeX labels:  {SurnameYear}, as in Albertsson2018
% Capitalized words in titles must be placed in {...}, as in:
%                       title = {Beyond the proton drip line: {Bayesian} analysis}
% Journal abbreviations:should be done according to the ISO4 standard:
%                       https://academic-accelerator.com/Journal-Abbreviation/System
% doi - include if possible
% url - include if possible
% do not include: abstract; eprint data, report numbers  for published papers;

@misc{lecture_notes,
  author = {Anders Kvellestad},
  title = {FYS3150 Lecture Notes},
  howpublished = {\url{https://github.com/anderkve/FYS3150/tree/master/lecture_notes/2024}},
  year = {2024},
  note = {Accessed: 08.09.2024}
}

@book{morten,
  author    = "Morten Hjort Jensen",
  title     = "Computational Physics: Lecture Notes Fall 2015",
  publisher = "Fysisk institutt UiO",
  address   = "Oslo",
  year      = 2015
}


@misc{probpublica1,
  title        = "Machine Bias",
  author       = " Julia Angwin, Jeff Larson, Surya Mattu and Lauren Kirchner, ProPublica",
  howpublished = "\url{https://www.propublica.org/article/machine-bias-risk-assessments-in-criminal-sentencing}",
  year         = 2016,
  note         = "Accessed: 12-03-2023"
}
